<?xml version="1.0" encoding="UTF-8"?><collection xmlns="http://www.loc.gov/MARC21/slim"><record><leader>00516nam--2200193-u-4500</leader><controlfield tag="001">000054953</controlfield><controlfield tag="002">20161230</controlfield><controlfield tag="005">20161230201051</controlfield><controlfield tag="008">120711s1000------------r-----000-0-rus-d</controlfield><datafield ind1=" " ind2=" " tag="040"><subfield code="a">IFIN-HH</subfield></datafield><datafield ind1=" " ind2=" " tag="041"><subfield code="a">rus</subfield></datafield><datafield ind1=" " ind2=" " tag="080"><subfield code="a">539.182</subfield></datafield><datafield ind1="1" ind2=" " tag="100"><subfield code="a">Zaslavskii, G.M</subfield></datafield><datafield ind1="1" ind2="0" tag="245"><subfield code="a">Vzaimo deistvie voln v neodnorodnih sredah</subfield><subfield code="c">G.m. zaslavskii, v.p. meitlis, n.n. filonenko</subfield></datafield><datafield ind1=" " ind2=" " tag="260"><subfield code="a">Novosibirsk</subfield><subfield code="b">Nauka</subfield><subfield code="c">1982</subfield></datafield><datafield ind1=" " ind2=" " tag="300"><subfield code="a">177P</subfield></datafield><datafield ind1="1" ind2=" " tag="700"><subfield code="a">Filonenko, N.N</subfield></datafield><datafield ind1=" " ind2=" " tag="852"><subfield code="a">75626</subfield><subfield code="c">539.18</subfield></datafield><datafield ind1=" " ind2=" " tag="CAT"><subfield code="a">Sys</subfield><subfield code="c">20120711</subfield><subfield code="h">154606</subfield></datafield></record></collection>